@article{barabasi1999emergence,
  title={Emergence of scaling in random networks},
  author={Barab{\'a}si, Albert-L{\'a}szl{\'o} and Albert, R{\'e}ka},
  journal={Science},
  volume={286},
  number={5439},
  pages={509--512},
  year={1999},
  publisher={American Association for the Advancement of Science}
}

@book{neuralnetdeeplearning,
    title = {Neural Networks and Deep Learning},
    author = {Charu C. Agarwal},
    isbn = {9783319944623},
    year = {2018},
    publisher = {Springer},
}
